@inproceedings{mccallum09:factorie:,
   Author = {A. McCallum and K. Schultz and S. Singh}, 
   Booktitle = {Neural Information Processing Systems (NIPS)}, 
   Title = {{FACTORIE}: Probabilistic Programming via Imperatively Defined Factor Graphs}, 
   Year = {2009}}
   
@article{markovlogic_2006,
	title = {Markov logic networks},
	volume = {62},
	number = {1},
	journal = {Machine Learning},
	author = {M. Richardson and P. Domingos},
	year = {2006},
	pages = {107--136}}
	
@inproceedings{broecheler:uai10,
    author = {M. Broecheler and L. Mihalkova and L. Getoor},
    booktitle = {Conference on Uncertainty in Artificial Intelligence},
    title = {Probabilistic Similarity Logic},
    year = {2010}}	
	
@INPROCEEDINGS{Mccallum99amachine,
    author = {A. Mccallum and K. Nigam and J. Rennie and K. Seymore},
    title = {A Machine Learning Approach to Building Domain-Specific Search Engines},
    booktitle = {In Proceedings of the 16th International Joint Conference on Artificial Intelligence},
    year = {1999},
    pages = {662--667}}
    
@TECHREPORT{Odersky04anoverview,
    author = {Martin Odersky and Stéphane Micheloud and Nikolay Mihaylov and Michel Schinz and Erik Stenman and Matthias Zenger and et al.},
    title = {An overview of the Scala programming language},
    institution = {},
    year = {2004}}
    
@book{DBLP:series/synthesis/2009Domingos,
  author    = {Pedro Domingos and
               Daniel Lowd},
  title     = {Markov Logic: An Interface Layer for Artificial Intelligence},
  booktitle = {Markov Logic: An Interface Layer for Artificial Intelligence},
  publisher = {Morgan {\&} Claypool Publishers},
  series    = {Synthesis Lectures on Artificial Intelligence and Machine
               Learning},
  year      = {2009},
  ee        = {http://dx.doi.org/10.2200/S00206ED1V01Y200907AIM007},
  bibsource = {DBLP, http://dblp.uni-trier.de}
}

@Article{bhattacharya:tkdd07,
  author       = "Bhattacharya, Indrajit and Getoor, Lise",
  title        = "Collective Entity Resolution In Relational Data",
  journal      = "ACM Transactions on Knowledge Discovery from Data",
  number       = "1",
  volume       = "1",
  pages        = "1-36",
  month        = "March",
  year         = "2007",
}

@article{fellegi69,
  added-at = {2006-02-14T14:04:24.000+0100},
  author = {Fellegi, I. P. and Sunter, A. B.},
  biburl = {http://www.bibsonomy.org/bibtex/25dfa82b38e4f69ecac20c3115e60a8c8/sam_chapman},
  interhash = {fe4a496536197f77ca6f29cd03ac19e4},
  intrahash = {5dfa82b38e4f69ecac20c3115e60a8c8},
  journal = {Journal of the American Statistical Association},
  keywords = {purge record linkage merge database},
  location = {Wachington, DC},
  pages = {1183--1210},
  timestamp = {2006-02-14T14:04:24.000+0100},
  title = {A Theory for Record Linkage},
  volume = 64,
  year = 1969
}

@inproceedings{Ciszak08,
  title = {Application of clustering and association methods in data cleaning},
  author = {Lukasz Ciszak},
  year = {2008},
  doi = {http://dx.doi.org/10.1109/IMCSIT.2008.4747224},
  researchr = {http://researchr.org/publication/Ciszak08},
  cites = {0},
  citedby = {0},
  pages = {97-103},
  booktitle = {Proceedings of the International Multiconference on Computer Science and Information Technology, IMCSIT 2008, Wisla, Poland, 20-22 October 2008},
  publisher = {IEEE},
  isbn = {978-83-60810-14-9},
}

@INPROCEEDINGS{BachtelerSchnellReiher2010,
author = {Tobias Bachteler and Rainer Schnell and Jörg Reiher},
editor = {Statistics Canada},
title = {An Empirical Comparison of Approaches to Approximate String Matching in Private Record Linkage},
year = {2010},
booktitle = {Proceedings of Statistics Canada Symposium 2010: Social Statistics: The Interplay among Censuses, Surveys and Administrative Data},
address = {Ottawa},
publisher = {Statistics Canada},
pages = {290--295},
}

@article{vatsalan,
  author = {Vatsalan, D. and Christen, P. and Verykios, V. S.},
  journal = {Australasian Data Mining Conference (AusDM 2011)},
  title = {An Efficient Two-Party Protocol for Approximate Matching in Private Record Linkage},
  year = 2011
}

@MISC{Christen_aprobabilistic,
    author = {Peter Christen and Tim Churches},
    title = {A Probabilistic Deduplication, Record Linkage and Geocoding System},
    year = {}
}

@INPROCEEDINGS{Giles98citeseer:an,
    author = {C. Lee Giles and Kurt D. Bollacker and Steve Lawrence},
    title = {Citeseer: an automatic citation indexing system},
    year = {1998},
    pages = {89--98},
    publisher = {ACM Press}
}

@MISC{aigenealogy,
    author = {Benjamin Kuipers},
    title = {The AI Genealogy Project},
    url = {http://aigp.eecs.umich.edu/},
    howpublished = "\url{http://aigp.eecs.umich.edu/}"
}

@MISC{academictree,
    title = {The Academic Family Tree},
    howpublished = "\url{http://academictree.org}"
}