
@article{marcus_building_1993,
	title = {Building a large annotated corpus of English: The Penn Treebank},
	volume = {19},
	shorttitle = {Building a large annotated corpus of English},
	url = {http://dl.acm.org/citation.cfm?id=972475},
	number = {2},
	urldate = {2012-12-18},
	journal = {Computational linguistics},
	author = {Marcus, M. P. and Marcinkiewicz, M. A. and Santorini, B.},
	year = {1993},
	pages = {313–330},
	file = {[PDF] from upenn.edu:/Users/alex/Library/Application Support/Zotero/Profiles/tvrvlqkg.default/zotero/storage/IF9BHH7G/Marcus et al. - 1993 - Building a large annotated corpus of English The .pdf:application/pdf;Snapshot:/Users/alex/Library/Application Support/Zotero/Profiles/tvrvlqkg.default/zotero/storage/X4X8K8AP/citation.html:text/html}
},

@article{gildea_automatic_2002,
	title = {Automatic labeling of semantic roles},
	volume = {28},
	url = {http://www.mitpressjournals.org/doi/abs/10.1162/089120102760275983},
	number = {3},
	urldate = {2012-11-04},
	journal = {Computational Linguistics},
	author = {Gildea, D. and Jurafsky, D.},
	year = {2002},
	pages = {245–288},
	file = {[PDF] from upenn.edu:/Users/alex/Library/Application Support/Zotero/Profiles/tvrvlqkg.default/zotero/storage/UFGJ8548/Gildea and Jurafsky - 2002 - Automatic labeling of semantic roles.pdf:application/pdf}
},

@inproceedings{kingsbury_adding_2002,
	title = {Adding semantic annotation to the penn treebank},
	url = {http://citeseerx.ist.psu.edu/viewdoc/download?doi=10.1.1.13.5336&rep=rep1&type=pdf},
	urldate = {2012-11-23},
	booktitle = {Proceedings of the Human Language Technology Conference},
	author = {Kingsbury, P. and Palmer, M. and Marcus, M.},
	year = {2002},
	pages = {252–256},
	file = {[PDF] from psu.edu:/Users/alex/Library/Application Support/Zotero/Profiles/tvrvlqkg.default/zotero/storage/2INXWAV5/Kingsbury et al. - 2002 - Adding semantic annotation to the penn treebank.pdf:application/pdf}
},

@inproceedings{chen_use_2003,
	title = {Use of deep linguistic features for the recognition and labeling of semantic arguments},
	url = {http://dl.acm.org/citation.cfm?id=1119361},
	urldate = {2012-11-04},
	booktitle = {Proceedings of the 2003 conference on Empirical methods in natural language processing},
	author = {Chen, J. and Rambow, O.},
	year = {2003},
	pages = {41–48},
	file = {[PDF] from upenn.edu:/Users/alex/Library/Application Support/Zotero/Profiles/tvrvlqkg.default/zotero/storage/I35NP5GX/Chen and Rambow - 2003 - Use of deep linguistic features for the recognitio.pdf:application/pdf}
},

@inproceedings{surdeanu_using_2003,
	title = {Using predicate-argument structures for information extraction},
	url = {http://dl.acm.org/citation.cfm?id=1075098},
	urldate = {2012-11-04},
	booktitle = {Proceedings of the 41st Annual Meeting on Association for Computational Linguistics-Volume 1},
	author = {Surdeanu, M. and Harabagiu, S. and Williams, J. and Aarseth, P.},
	year = {2003},
	pages = {8–15},
	file = {[PDF] from upenn.edu:/Users/alex/Library/Application Support/Zotero/Profiles/tvrvlqkg.default/zotero/storage/8ZGD6QP4/Surdeanu et al. - 2003 - Using predicate-argument structures for informatio.pdf:application/pdf}
},

@inproceedings{pradhan_shallow_2004,
	title = {Shallow semantic parsing using support vector machines},
	url = {http://acl.ldc.upenn.edu/hlt-naacl2004/main/pdf/133_Paper.pdf},
	urldate = {2012-11-04},
	booktitle = {Proceedings of {HLT/NAACL}},
	author = {Pradhan, S. and Ward, W. and Hacioglu, K. and Martin, J. and Jurafsky, D.},
	year = {2004},
	pages = {233},
	file = {[PDF] from upenn.edu:/Users/alex/Library/Application Support/Zotero/Profiles/tvrvlqkg.default/zotero/storage/4XX65VHT/Pradhan et al. - 2004 - Shallow semantic parsing using support vector mach.pdf:application/pdf}
},

@inproceedings{carreras_introduction_2005,
	title = {Introduction to the {CoNLL-2005} shared task: Semantic role labeling},
	shorttitle = {Introduction to the {CoNLL-2005} shared task},
	url = {http://dl.acm.org/citation.cfm?id=1706571},
	urldate = {2012-12-18},
	booktitle = {Proceedings of the Ninth Conference on Computational Natural Language Learning},
	author = {Carreras, X. and Màrquez, L.},
	year = {2005},
	pages = {152–164},
	file = {Snapshot:/Users/alex/Library/Application Support/Zotero/Profiles/tvrvlqkg.default/zotero/storage/22TCJCSQ/citation.html:text/html}
},

@inproceedings{harabagiu_shallow_2005,
	title = {Shallow semantics for relation extraction},
	url = {http://dl.acm.org/citation.cfm?id=1642463},
	urldate = {2012-11-04},
	booktitle = {Proceedings of the 19th international joint conference on Artificial intelligence},
	author = {Harabagiu, S. and Bejan, C. A. and Morarescu, P.},
	year = {2005},
	pages = {1061–1066},
	file = {1589.pdf:/Users/alex/Library/Application Support/Zotero/Profiles/tvrvlqkg.default/zotero/storage/TPTX9NAF/1589.pdf:application/pdf}
},

@inproceedings{surdeanu_semantic_2005,
	title = {Semantic role labeling using complete syntactic analysis},
	url = {http://dl.acm.org/citation.cfm?id=1706586},
	urldate = {2012-11-04},
	booktitle = {Proceedings of the Ninth Conference on Computational Natural Language Learning},
	author = {Surdeanu, M. and Turmo, J.},
	year = {2005},
	pages = {221–224},
	file = {[PDF] from surdeanu.name:/Users/alex/Library/Application Support/Zotero/Profiles/tvrvlqkg.default/zotero/storage/SICT6XNQ/Surdeanu and Turmo - Semantic Role Labeling Using Complete Syntactic An.pdf:application/pdf}
},

@inproceedings{bird_nltk:_2006,
	title = {{NLTK:} the natural language toolkit},
	shorttitle = {{NLTK}},
	url = {http://dl.acm.org/citation.cfm?id=1225421},
	urldate = {2012-12-18},
	booktitle = {Proceedings of the {COLING/ACL} on Interactive presentation sessions},
	author = {Bird, S.},
	year = {2006},
	pages = {69–72},
	file = {[PDF] from upenn.edu:/Users/alex/Library/Application Support/Zotero/Profiles/tvrvlqkg.default/zotero/storage/6AWBP9D4/Bird - 2006 - NLTK the natural language toolkit.pdf:application/pdf;Snapshot:/Users/alex/Library/Application Support/Zotero/Profiles/tvrvlqkg.default/zotero/storage/BZHBPTJF/citation.html:text/html}
},

@inproceedings{ponzetto_semantic_2006,
	title = {Semantic role labeling for coreference resolution},
	url = {http://dl.acm.org/citation.cfm?id=1608993},
	urldate = {2012-11-04},
	booktitle = {Proceedings of the Eleventh Conference of the European Chapter of the Association for Computational Linguistics: Posters \& Demonstrations},
	author = {Ponzetto, S. P. and Strube, M.},
	year = {2006},
	pages = {143–146},
	file = {[PDF] from upenn.edu:/Users/alex/Library/Application Support/Zotero/Profiles/tvrvlqkg.default/zotero/storage/HT8X7CAV/Ponzetto and Strube - 2006 - Semantic role labeling for coreference resolution.pdf:application/pdf}
},

@book{ruppenhofer_framenet_2006,
	title = {Framenet ii: Extended theory and practice},
	shorttitle = {Framenet ii},
	url = {http://framenet2.icsi.berkeley.edu/docs/r1.5/book.pdf},
	urldate = {2012-11-04},
	author = {Ruppenhofer, J. and Ellsworth, M. and Petruck, M. R. L. and Johnson, C. R. and Scheffczyk, J.},
	year = {2006},
	file = {[PDF] from berkeley.edu:/Users/alex/Library/Application Support/Zotero/Profiles/tvrvlqkg.default/zotero/storage/BB63XH6P/Ruppenhofer et al. - 2006 - Framenet ii Extended theory and practice.pdf:application/pdf}
},

@article{surdeanu_combination_2007,
	title = {Combination strategies for semantic role labeling},
	volume = {29},
	url = {http://www.aaai.org/Papers/JAIR/Vol29/JAIR-2905.pdf},
	number = {1},
	urldate = {2012-12-18},
	journal = {Journal of Artificial Intelligence Research},
	author = {Surdeanu, M. and Màrquez, L. and Carreras, X. and Comas, P. R.},
	year = {2007},
	pages = {105–151},
	file = {[PDF] from arxiv.org:/Users/alex/Library/Application Support/Zotero/Profiles/tvrvlqkg.default/zotero/storage/HVW57MTJ/Surdeanu et al. - 2007 - Combination strategies for semantic role labeling.pdf:application/pdf}
},

@inproceedings{bollacker_freebase:_2008,
	title = {Freebase: a collaboratively created graph database for structuring human knowledge},
	shorttitle = {Freebase},
	url = {http://dl.acm.org/citation.cfm?id=1376746},
	urldate = {2012-12-18},
	booktitle = {Proceedings of the 2008 {ACM} {SIGMOD} international conference on Management of data},
	author = {Bollacker, K. and Evans, C. and Paritosh, P. and Sturge, T. and Taylor, J.},
	year = {2008},
	pages = {1247–1250},
	file = {[PDF] from 147.46.216.176:/Users/alex/Library/Application Support/Zotero/Profiles/tvrvlqkg.default/zotero/storage/H4DPH3RA/Bollacker et al. - 2008 - Freebase a collaboratively created graph database.pdf:application/pdf;Snapshot:/Users/alex/Library/Application Support/Zotero/Profiles/tvrvlqkg.default/zotero/storage/8S6AWQXR/citation.html:text/html}
},

@article{pradhan_towards_2008,
	title = {Towards robust semantic role labeling},
	volume = {34},
	url = {http://www.mitpressjournals.org/doi/abs/10.1162/coli.2008.34.2.289},
	number = {2},
	urldate = {2012-11-23},
	journal = {Computational Linguistics},
	author = {Pradhan, S. S. and Ward, W. and Martin, J. H.},
	year = {2008},
	pages = {289–310},
	file = {[PDF] from upenn.edu:/Users/alex/Library/Application Support/Zotero/Profiles/tvrvlqkg.default/zotero/storage/VWBA2MD5/Pradhan et al. - 2008 - Towards robust semantic role labeling.pdf:application/pdf;Snapshot:/Users/alex/Library/Application Support/Zotero/Profiles/tvrvlqkg.default/zotero/storage/QTDTUNM5/coli.2008.34.2.html:text/html}
},

@inproceedings{mintz_distant_2009,
	title = {Distant supervision for relation extraction without labeled data},
	url = {http://dl.acm.org/citation.cfm?id=1690287},
	urldate = {2012-11-04},
	booktitle = {Proceedings of the Joint Conference of the 47th Annual Meeting of the {ACL} and the 4th International Joint Conference on Natural Language Processing of the {AFNLP:} Volume 2-Volume 2},
	author = {Mintz, M. and Bills, S. and Snow, R. and Jurafsky, D.},
	year = {2009},
	pages = {1003–1011},
	file = {[PDF] from aclweb.org:/Users/alex/Library/Application Support/Zotero/Profiles/tvrvlqkg.default/zotero/storage/KTDQ5HZC/Mintz et al. - 2009 - Distant supervision for relation extraction withou.pdf:application/pdf}
},

@inproceedings{zapirain_improving_2010,
	title = {Improving semantic role classification with Selectional Preferences},
	url = {http://dl.acm.org/citation.cfm?id=1858057},
	urldate = {2012-11-04},
	booktitle = {Human Language Technologies: The 2010 Annual Conference of the North American Chapter of the Association for Computational Linguistics},
	author = {Zapirain, B. and Agirre, E. and Màrquez, L. and Surdeanu, M.},
	year = {2010},
	pages = {373–376},
	file = {[PDF] from rug.nl:/Users/alex/Library/Application Support/Zotero/Profiles/tvrvlqkg.default/zotero/storage/UPQ529TV/Zapirain et al. - 2010 - Improving semantic role classification with Select.pdf:application/pdf}
},

@inproceedings{christensen_analysis_2011,
	title = {An analysis of open information extraction based on semantic role labeling},
	url = {http://dl.acm.org/citation.cfm?id=1999697},
	urldate = {2012-11-04},
	booktitle = {Proceedings of the sixth international conference on Knowledge capture},
	author = {Christensen, J. and Soderland, S. and Etzioni, O.},
	year = {2011},
	pages = {113–120},
	file = {janara-kcap2011.pdf:/Users/alex/Library/Application Support/Zotero/Profiles/tvrvlqkg.default/zotero/storage/R469Q4G3/janara-kcap2011.pdf:application/pdf}
},

@inproceedings{exner_using_2011,
	title = {Using semantic role labeling to extract events from Wikipedia},
	url = {https://files.ifi.uzh.ch/ddis/iswc_archive/iswc/ab/2011pre/iswc2011.semanticweb.org/fileadmin/iswc/Papers/Workshops/DeRiVE/derive2011_submission_10.pdf},
	urldate = {2012-11-04},
	booktitle = {Proceedings of the Workshop on Detection, Representation, and Exploitation of Events in the Semantic Web {(DeRiVE} 2011). Workshop in conjunction with the 10th International Semantic Web Conference},
	author = {Exner, P. and Nugues, P.},
	year = {2011},
	file = {[PDF] from uzh.ch:/Users/alex/Library/Application Support/Zotero/Profiles/tvrvlqkg.default/zotero/storage/QZIRC4MQ/Exner and Nugues - 2011 - Using semantic role labeling to extract events fro.pdf:application/pdf}
},

@article{brocheler_probabilistic_2012,
	title = {Probabilistic similarity logic},
	url = {http://arxiv.org/abs/1203.3469},
	urldate = {2012-12-19},
	journal = {{arXiv} preprint {arXiv:1203.3469}},
	author = {Brocheler, M. and Mihalkova, L. and Getoor, L.},
	year = {2012},
	file = {[PDF] from arxiv.org:/Users/alex/Library/Application Support/Zotero/Profiles/tvrvlqkg.default/zotero/storage/P8G9JBHI/Brocheler et al. - 2012 - Probabilistic similarity logic.pdf:application/pdf;Snapshot:/Users/alex/Library/Application Support/Zotero/Profiles/tvrvlqkg.default/zotero/storage/FPZGTFUU/1203.html:text/html}
},

@article{exner_entity_2012,
	title = {Entity Extraction: From Unstructured Text to {DBpedia} {RDF} Triples},
	shorttitle = {Entity Extraction},
	url = {http://ceur-ws.org/Vol-906/paper7.pdf},
	urldate = {2012-11-04},
	author = {Exner, P. and Nugues, P.},
	year = {2012},
	file = {[PDF] from ceur-ws.org:/Users/alex/Library/Application Support/Zotero/Profiles/tvrvlqkg.default/zotero/storage/FGTQFNUV/Exner and Nugues - Entity Extraction From Unstructured Text to DBped.pdf:application/pdf}
},

@article{furstenau_semi-supervised_2012,
	title = {Semi-supervised semantic role labeling via structural alignment},
	volume = {38},
	url = {http://www.mitpressjournals.org/doi/abs/10.1162/COLI_a_00087},
	number = {1},
	urldate = {2012-11-04},
	journal = {Computational Linguistics},
	author = {Fürstenau, H. and Lapata, M.},
	year = {2012},
	pages = {135–171},
	file = {[PDF] from ed.ac.uk:/Users/alex/Library/Application Support/Zotero/Profiles/tvrvlqkg.default/zotero/storage/V5VE7BHS/Fürstenau and Lapata - 2012 - Semi-supervised semantic role labeling via structu.pdf:application/pdf}
}